<?xml version="1.0" encoding="UTF-8"?>
<collection><record><leader>00935nam a2200253 cc4500</leader><controlfield tag="001">9958493274103338</controlfield><controlfield tag="005">20190805123320.0</controlfield><controlfield tag="007">tu</controlfield><controlfield tag="008">180419|1755    xx            ||| | lat c</controlfield><controlfield tag="009">AC15025748</controlfield><datafield tag="035" ind1=" " ind2=" "><subfield code="a">(AT-OBV)AC15025748</subfield></datafield><datafield tag="035" ind1=" " ind2=" "><subfield code="a">(DE-599)OBVAC15025748</subfield></datafield><datafield tag="035" ind1=" " ind2=" "><subfield code="a">(EXLNZ-43ACC_NETWORK)99144698286603331</subfield></datafield><datafield tag="040" ind1=" " ind2=" "><subfield code="a">ONB</subfield><subfield code="b">ger</subfield><subfield code="c">ONB-ABO-RETRO</subfield><subfield code="d">AT-OBV</subfield><subfield code="e">rakwb</subfield></datafield><datafield tag="041" ind1=" " ind2=" "><subfield code="a">lat</subfield></datafield><datafield tag="100" ind1="1" ind2=" "><subfield code="a">Claus, Anton</subfield><subfield code="d">1691-1754</subfield><subfield code="0">(DE-588)129603112</subfield><subfield code="4">pra</subfield><subfield code="9">O:H</subfield></datafield><datafield tag="245" ind1="1" ind2="0"><subfield code="a">Exercitationes Theatrales</subfield><subfield code="b">A Societatis Jesu Magistris Inferiorum Classium Dirigente P. Antonio Claus, Ejusdem Societatis, In Episcopaliet Academico Gymnasio Dilingano Exhibitae</subfield><subfield code="n">1</subfield></datafield><datafield tag="264" ind1=" " ind2="1"><subfield code="a">Augustae Vindelicorum et Oeniponti</subfield><subfield code="b">Joseph Wolff</subfield><subfield code="c">1755</subfield></datafield><datafield tag="300" ind1=" " ind2=" "><subfield code="a">[4] Bl., 251 S.</subfield></datafield><datafield tag="336" ind1=" " ind2=" "><subfield code="b">txt</subfield></datafield><datafield tag="337" ind1=" " ind2=" "><subfield code="b">n</subfield></datafield><datafield tag="338" ind1=" " ind2=" "><subfield code="b">nc</subfield></datafield><datafield tag="655" ind1=" " ind2="7"><subfield code="a">Drama</subfield><subfield code="2">bellobv</subfield></datafield><datafield tag="773" ind1="0" ind2="8"><subfield code="w">(AT-OBV)AC09778979</subfield><subfield code="q">1</subfield></datafield><datafield tag="856" ind1="4" ind2="0"><subfield code="m">V:AT-OBV;B:AT-OeNB</subfield><subfield code="q">application/html</subfield><subfield code="u">http://data.onb.ac.at/ABO/%2BZ25347160X</subfield><subfield code="x">ONB-ABO</subfield><subfield code="3">Volltext</subfield><subfield code="o">OBV-ONB-ABO</subfield></datafield><datafield tag="852" ind1="8" ind2=" "><subfield code="8">22276450170003338</subfield><subfield code="b">ZTHE</subfield><subfield code="c">MAG</subfield><subfield code="h">795783-A.1</subfield></datafield><datafield tag="970" ind1="2" ind2=" "><subfield code="a"> ONB</subfield></datafield><datafield tag="980" ind1="0" ind2=" "><subfield code="a">0</subfield><subfield code="9">local</subfield></datafield><datafield tag="980" ind1="0" ind2=" "><subfield code="a">ONB-AK-RETRO</subfield><subfield code="9">local</subfield></datafield><datafield tag="982" ind1=" " ind2=" "><subfield code="f">Tragödien / lateinische / 18. Jh.</subfield><subfield code="9">local</subfield></datafield><datafield tag="982" ind1=" " ind2=" "><subfield code="z">18. Jh.</subfield><subfield code="9">local</subfield></datafield></record></collection>